%% This BibTeX bibliography file was created using BibDesk.
%% http://bibdesk.sourceforge.net/


%% Saved with string encoding Unicode (UTF-8) 



@article{stonebraker1991postgres,
  title={Improved Grammar-Based Compressed Indexes},
  author={Francisco Claude ,Gonzalo Navarro},
  year={2012}

}



@book{flanagan1998javascript,
  title={backblaze, https://www.backblaze.com/blog/storage-pod-4-5-tweaking-a-proven-design/.}
  
}

        
@misc{SCDPreguntas,
         author = {Jure Leskovec, Anand Rajaraman, Jeff Ullman},
         title = {Mining of Massive Datasets},
         publisher = {Sociedad Chilena del Derecho de Autor (SCD)},
         year = {2010}
         	









