@article{profe,
  author =       "Francisco Claude and Gonzalo Navarro",
  title =        "Improved Grammar-Based Compressed Indexes",
  volume =       "12",
  pages =        "180--192",
  year =         "2012",
  
}

@book{handhookcompresion,
    author    = "David Salomon abd Giovanni Motta",
    title     = "Handbook of Data Compression",
    pages =        "284--324",
    year      = "2012",
    publisher = "Springer London",
    DOI =   "10.1007/978-1-84882-903-9"
}


 
@misc{blackblaze,
    title     = "Backblaze",
    note       = "https://www.backblaze.com/blog/storage-pod-4-5-tweaking-a-proven-design/"
}

@article{profe2,
  author =       "S. Kreft and G. Navarro",
  title =        "On Compressing and Indexing Repetitive Sequences,Theoretical Computer Science",
  volume =       "483",
  pages =        "115--133",
  year =         "2011",
  
}

@misc{wiki,
    title     = "Wikipedia",
    note       = "https://en.wikipedia.org/"
}

@misc{git,
    title     = "Git",
    note       = "https://git-scm.com/"
}


@article{superlibro,
  author =       "Anand Rajaraman and Jeffrey David Ullman",
  title =        "Mining of Massive Datasets",
  pages =        "221--260",
  year =         "2011",
  
}
